@ARTICLE{ssl_generative_or_contrastive,
  author={Liu, Xiao and Zhang, Fanjin and Hou, Zhenyu and Mian, Li and Wang, Zhaoyu and Zhang, Jing and Tang, Jie},
  journal={IEEE Transactions on Knowledge and Data Engineering}, 
  title={Self-Supervised Learning: Generative or Contrastive}, 
  year={2023},
  volume={35},
  number={1},
  pages={857-876},
  keywords={Data models;Task analysis;Supervised learning;Context modeling;Predictive models;Computer architecture;Computational modeling;Self-supervised learning;generative model;contrastive learning;deep learning}
}

@article{giger2018machine,
  title={Machine learning in medical imaging},
  author={Giger, Maryellen L},
  journal={Journal of the American College of Radiology},
  volume={15},
  number={3},
  pages={512--520},
  year={2018},
  publisher={Elsevier}
}

@article{jaiswal2020survey,
  title={A survey on contrastive self-supervised learning},
  author={Jaiswal, Ashish and Babu, Ashwin Ramesh and Zadeh, Mohammad Zaki and Banerjee, Debapriya and Makedon, Fillia},
  journal={Technologies},
  volume={9},
  number={1},
  pages={2},
  year={2020},
  publisher={MDPI}
}


@article{gutmann2010noise,
  title={Noise-contrastive estimation: A new estimation principle for unnormalized statistical models},
  author={Gutmann, Michael and Hyv{\"a}rinen, Aapo},
  journal={Proceedings of the thirteenth international conference on artificial intelligence and statistics},
  pages={297--304},
  year={2010},
  organization={JMLR Workshop and Conference Proceedings}
}

@article{caron2018deep,
  title={Deep clustering for unsupervised learning of visual features},
  author={Caron, Mathilde and Bojanowski, Piotr and Joulin, Armand and Douze, Matthijs},
  journal={Proceedings of the European conference on computer vision (ECCV)},
  pages={132--149},
  year={2018}
}

@article{tian2020contrastive,
  title={Contrastive multiview coding},
  author={Tian, Yonglong and Krishnan, Dilip and Isola, Phillip},
  journal={Computer Vision--ECCV 2020: 16th European Conference, Glasgow, UK, August 23--28, 2020, Proceedings, Part XI 16},
  pages={776--794},
  year={2020},
  organization={Springer}
}

@article{chen2020simple,
  title={A simple framework for contrastive learning of visual representations},
  author={Chen, Ting and Kornblith, Simon and Norouzi, Mohammad and Hinton, Geoffrey},
  journal={International conference on machine learning},
  pages={1597--1607},
  year={2020},
  organization={PMLR}
}

@article{he2020momentum,
  title={Momentum contrast for unsupervised visual representation learning},
  author={He, Kaiming and Fan, Haoqi and Wu, Yuxin and Xie, Saining and Girshick, Ross},
  journal={Proceedings of the IEEE/CVF conference on computer vision and pattern recognition},
  pages={9729--9738},
  year={2020}
}

@article{altaf2019going,
  title={Going deep in medical image analysis: concepts, methods, challenges, and future directions},
  author={Altaf, Fouzia and Islam, Syed MS and Akhtar, Naveed and Janjua, Naeem Khalid},
  journal={IEEE Access},
  volume={7},
  pages={99540--99572},
  year={2019},
  publisher={IEEE}
}

@article{vaswani2017attention,
  title={Attention is all you need},
  author={Vaswani, Ashish and Shazeer, Noam and Parmar, Niki and Uszkoreit, Jakob and Jones, Llion and Gomez, Aidan N and Kaiser, {\L}ukasz and Polosukhin, Illia},
  journal={Advances in neural information processing systems},
  volume={30},
  year={2017}
}

@article{gehring2017convolutional,
  title={Convolutional sequence to sequence learning},
  author={Gehring, Jonas and Auli, Michael and Grangier, David and Yarats, Denis and Dauphin, Yann N},
  journal={International conference on machine learning},
  pages={1243--1252},
  year={2017},
  organization={PMLR}
}

@article{he2022masked,
  title={Masked autoencoders are scalable vision learners},
  author={He, Kaiming and Chen, Xinlei and Xie, Saining and Li, Yanghao and Doll{\'a}r, Piotr and Girshick, Ross},
  journal={Proceedings of the IEEE/CVF conference on computer vision and pattern recognition},
  pages={16000--16009},
  year={2022}
}

@article{zhang2017self,
  title={Self supervised deep representation learning for fine-grained body part recognition},
  author={Zhang, Pengyue and Wang, Fusheng and Zheng, Yefeng},
  journal={2017 IEEE 14th international symposium on biomedical imaging (ISBI 2017)},
  pages={578--582},
  year={2017},
  organization={IEEE}
}

@article{sowrirajan2021moco,
  title={Moco pretraining improves representation and transferability of chest x-ray models},
  author={Sowrirajan, Hari and Yang, Jingbo and Ng, Andrew Y and Rajpurkar, Pranav},
  journal={Medical Imaging with Deep Learning},
  pages={728--744},
  year={2021},
  organization={PMLR}
}

@article{vu2021medaug,
  title={Medaug: Contrastive learning leveraging patient metadata improves representations for chest x-ray interpretation},
  author={Vu, Yen Nhi Truong and Wang, Richard and Balachandar, Niranjan and Liu, Can and Ng, Andrew Y and Rajpurkar, Pranav},
  journal={Machine Learning for Healthcare Conference},
  pages={755--769},
  year={2021},
  organization={PMLR}
}

@article{chen2021momentum,
  title={Momentum contrastive learning for few-shot COVID-19 diagnosis from chest CT images},
  author={Chen, Xiaocong and Yao, Lina and Zhou, Tao and Dong, Jinming and Zhang, Yu},
  journal={Pattern recognition},
  volume={113},
  pages={107826},
  year={2021},
  publisher={Elsevier}
}

@article{sriram2021covid,
  title={Covid-19 prognosis via self-supervised representation learning and multi-image prediction},
  author={Sriram, Anuroop and Muckley, Matthew and Sinha, Koustuv and Shamout, Farah and Pineau, Joelle and Geras, Krzysztof J and Azour, Lea and Aphinyanaphongs, Yindalon and Yakubova, Nafissa and Moore, William},
  journal={arXiv preprint arXiv:2101.04909},
  year={2021}
}

@article{zhou2023self,
  title={Self pre-training with masked autoencoders for medical image classification and segmentation},
  author={Zhou, Lei and Liu, Huidong and Bae, Joseph and He, Junjun and Samaras, Dimitris and Prasanna, Prateek},
  journal={2023 IEEE 20th International Symposium on Biomedical Imaging (ISBI)},
  pages={1--6},
  year={2023},
  organization={IEEE}
}

@article{anwar2018medical,
  title={Medical image analysis using convolutional neural networks: a review},
  author={Anwar, Syed Muhammad and Majid, Muhammad and Qayyum, Adnan and Awais, Muhammad and Alnowami, Majdi and Khan, Muhammad Khurram},
  journal={Journal of medical systems},
  volume={42},
  pages={1--13},
  year={2018},
  publisher={Springer}
}

@article{huang2023self, 
  title={Self-supervised learning for medical image classification: a systematic review and implementation guidelines}, 
  author={Huang, Shih-Cheng and Pareek, Anuj and Jensen, Malte and Lungren, Matthew P and Yeung, Serena and Chaudhari, Akshay S}, 
  journal={npj Digital Medicine}, 
  volume={6}, 
  number={1}, 
  pages={1â€“15}, 
  year={2023}, 
  publisher={Nature Publishing Group} 
}

@article{chen2019self,
  title={Self-supervised learning for medical image analysis using image context restoration},
  author={Chen, Liang and Bentley, Paul and Mori, Kensaku and Misawa, Kazunari and Fujiwara, Michitaka and Rueckert, Daniel},
  journal={Medical image analysis},
  volume={58},
  pages={101539},
  year={2019},
  publisher={Elsevier}
}

@article{nguyen2020self,
  title={Self-supervised learning based on spatial awareness for medical image analysis},
  author={Nguyen, Xuan-Bac and Lee, Guee Sang and Kim, Soo Hyung and Yang, Hyung Jeong},
  journal={IEEE Access},
  volume={8},
  pages={162973--162981},
  year={2020},
  publisher={IEEE}
}

@article{azizi2021big,
  title={Big self-supervised models advance medical image classification},
  author={Azizi, Shekoofeh and Mustafa, Basil and Ryan, Fiona and Beaver, Zachary and Freyberg, Jan and Deaton, Jonathan and Loh, Aaron and Karthikesalingam, Alan and Kornblith, Simon and Chen, Ting and others},
  journal={Proceedings of the IEEE/CVF international conference on computer vision},
  pages={3478--3488},
  year={2021}
}

@article{dufumier2021contrastive,
  title={Contrastive learning with continuous proxy meta-data for 3d mri classification},
  author={Dufumier, Benoit and Gori, Pietro and Victor, Julie and Grigis, Antoine and Wessa, Michele and Brambilla, Paolo and Favre, Pauline and Polosan, Mircea and McDonald, Colm and Piguet, Camille Marie and others},
  journal={Medical Image Computing and Computer Assisted Intervention--MICCAI 2021: 24th International Conference, Strasbourg, France, September 27--October 1, 2021, Proceedings, Part II 24},
  pages={58--68},
  year={2021},
  organization={Springer}
}

@article{chaitanya2020contrastive,
  title={Contrastive learning of global and local features for medical image segmentation with limited annotations},
  author={Chaitanya, Krishna and Erdil, Ertunc and Karani, Neerav and Konukoglu, Ender},
  journal={Advances in neural information processing systems},
  volume={33},
  pages={12546--12558},
  year={2020}
}

@article{ballard1987modular,
  title={Modular learning in neural networks},
  author={Ballard, Dana H},
  journal={Proceedings of the sixth National Conference on artificial intelligence-volume 1},
  pages={279--284},
  year={1987}
}

@article{devlin2018bert,
  title={Bert: Pre-training of deep bidirectional transformers for language understanding},
  author={Devlin, Jacob and Chang, Ming-Wei and Lee, Kenton and Toutanova, Kristina},
  journal={arXiv preprint arXiv:1810.04805},
  year={2018}
}

@article{brown2020language,
  title={Language models are few-shot learners},
  author={Brown, Tom and Mann, Benjamin and Ryder, Nick and Subbiah, Melanie and Kaplan, Jared D and Dhariwal, Prafulla and Neelakantan, Arvind and Shyam, Pranav and Sastry, Girish and Askell, Amanda and others},
  journal={Advances in neural information processing systems},
  volume={33},
  pages={1877--1901},
  year={2020}
}

@article{radford2018improving,
  title={Improving language understanding by generative pre-training},
  author={Radford, Alec and Narasimhan, Karthik and Salimans, Tim and Sutskever, Ilya and others},
  year={2018},
  publisher={OpenAI}
}

@article{radford2019language,
  title={Language models are unsupervised multitask learners},
  author={Radford, Alec and Wu, Jeffrey and Child, Rewon and Luan, David and Amodei, Dario and Sutskever, Ilya and others},
  journal={OpenAI blog},
  volume={1},
  number={8},
  pages={9},
  year={2019}
}

@article{van2016pixel,
  title={Pixel recurrent neural networks},
  author={Van Den Oord, A{\"a}ron and Kalchbrenner, Nal and Kavukcuoglu, Koray},
  journal={International conference on machine learning},
  pages={1747--1756},
  year={2016},
  organization={PMLR}
}

@article{van2016conditional,
  title={Conditional image generation with pixelcnn decoders},
  author={Van den Oord, Aaron and Kalchbrenner, Nal and Espeholt, Lasse and Vinyals, Oriol and Graves, Alex and others},
  journal={Advances in neural information processing systems},
  volume={29},
  year={2016}
}

@article{mikolov2013efficient,
  title={Efficient estimation of word representations in vector space},
  author={Mikolov, Tomas and Chen, Kai and Corrado, Greg and Dean, Jeffrey},
  journal={arXiv preprint arXiv:1301.3781},
  year={2013}
}

@article{dosovitskiy2020image,
  title={An image is worth 16x16 words: Transformers for image recognition at scale},
  author={Dosovitskiy, Alexey and Beyer, Lucas and Kolesnikov, Alexander and Weissenborn, Dirk and Zhai, Xiaohua and Unterthiner, Thomas and Dehghani, Mostafa and Minderer, Matthias and Heigold, Georg and Gelly, Sylvain and others},
  journal={arXiv preprint arXiv:2010.11929},
  year={2020}
}